%% This BibTeX bibliography file was created using BibDesk.
%% http://bibdesk.sourceforge.net/

%% Created for 杨凯 at 2017-03-26 11:21:56 -0700 


%% Saved with string encoding Unicode (UTF-8) 


@string{etp = {Entrepreneurship: Theory \& Practice}}

@string{fer = {Frontiers of Entrepreneurship Research}}

@string{os = {Organization Science}}


@article{Bahdanauetal.2014,
	Author = {Bahdanau, Dzmitry and Cho, Kyunghyun and Bengio, Yoshua},
	Date-Added = {2017-03-26 18:18:50 +0000},
	Date-Modified = {2017-03-26 18:21:55 +0000},
	Journal = {arXiv preprint arXiv:1409.0473},
	Title = {Neural Machine Translation by Jointly Learning to Align and Translate},
	Year = {2014}}

@article{mikolov2013efficient,
  title={Efficient estimation of word representations in vector space},
  author={Mikolov, Tomas and Chen, Kai and Corrado, Greg and Dean, Jeffrey},
  journal={arXiv preprint arXiv:1301.3781},
  year={2013}
}

@inproceedings{pennington2014glove,
  title={Glove: Global Vectors for Word Representation.},
  author={Pennington, Jeffrey and Socher, Richard and Manning, Christopher D},
  booktitle={EMNLP},
  volume={14},
  pages={1532--1543},
  year={2014}
}

@inproceedings{chung2015gated,
  title={Gated Feedback Recurrent Neural Networks.},
  author={Chung, Junyoung and G{\"u}l{\c{c}}ehre, Caglar and Cho, Kyunghyun and Bengio, Yoshua},
  booktitle={ICML},
  pages={2067--2075},
  year={2015}
}
@article{hochreiter1997long,
  title={Long short-term memory},
  author={Hochreiter, Sepp and Schmidhuber, J{\"u}rgen},
  journal={Neural computation},
  volume={9},
  number={8},
  pages={1735--1780},
  year={1997},
  publisher={MIT Press}
}

@article{DBLP:journals/corr/KumarISBEPOGS15,
  author    = {Ankit Kumar and
               Ozan Irsoy and
               Jonathan Su and
               James Bradbury and
               Robert English and
               Brian Pierce and
               Peter Ondruska and
               Ishaan Gulrajani and
               Richard Socher},
  title     = {Ask Me Anything: Dynamic Memory Networks for Natural Language Processing},
  journal   = {CoRR},
  volume    = {abs/1506.07285},
  year      = {2015},
  url       = {http://arxiv.org/abs/1506.07285},
  timestamp = {Wed, 01 Jul 2015 15:10:24 +0200},
  biburl    = {http://dblp.uni-trier.de/rec/bib/journals/corr/KumarISBEPOGS15},
  bibsource = {dblp computer science bibliography, http://dblp.org}
}

@article{xiong2016dynamic,
  title={Dynamic memory networks for visual and textual question answering},
  author={Xiong, Caiming and Merity, Stephen and Socher, Richard},
  journal={arXiv},
  volume={1603},
  year={2016}
}

@article{DBLP:journals/corr/WestonBCM15,
  author    = {Jason Weston and
               Antoine Bordes and
               Sumit Chopra and
               Tomas Mikolov},
  title     = {Towards AI-Complete Question Answering: {A} Set of Prerequisite Toy
               Tasks},
  journal   = {CoRR},
  volume    = {abs/1502.05698},
  year      = {2015},
  url       = {http://arxiv.org/abs/1502.05698},
  timestamp = {Mon, 02 Mar 2015 14:17:34 +0100},
  biburl    = {http://dblp.uni-trier.de/rec/bib/journals/corr/WestonBCM15},
  bibsource = {dblp computer science bibliography, http://dblp.org}
}
@inproceedings{mikolov2010recurrent,
  title={Recurrent neural network based language model.},
  author={Mikolov, Tomas and Karafi{\'a}t, Martin and Burget, Lukas and Cernock{\`y}, Jan and Khudanpur, Sanjeev},
  booktitle={Interspeech},
  volume={2},
  pages={3},
  year={2010}
}
maintained by Schloss Dagstuhl LZI at University of Trier	homebrowsesearchabout
